%YAML 1.1
%TAG !u! tag:unity3d.com,2011:
--- !u!1001 &100100000
Prefab:
  m_ObjectHideFlags: 1
  serializedVersion: 2
  m_Modification:
    m_TransformParent: {fileID: 0}
    m_Modifications: []
    m_RemovedComponents: []
  m_ParentPrefab: {fileID: 0}
  m_RootGameObject: {fileID: 1924694237130256}
  m_IsPrefabParent: 1
--- !u!1 &1575276850331006
GameObject:
  m_ObjectHideFlags: 0
  m_PrefabParentObject: {fileID: 0}
  m_PrefabInternal: {fileID: 100100000}
  serializedVersion: 5
  m_Component:
  - component: {fileID: 4684071693023612}
  - component: {fileID: 114941975199774204}
  - component: {fileID: 58151266994337258}
  m_Layer: 0
  m_Name: PlayerTouchTrigger
  m_TagString: EnemyTouchTrigger
  m_Icon: {fileID: 0}
  m_NavMeshLayer: 0
  m_StaticEditorFlags: 0
  m_IsActive: 1
--- !u!1 &1924694237130256
GameObject:
  m_ObjectHideFlags: 0
  m_PrefabParentObject: {fileID: 0}
  m_PrefabInternal: {fileID: 100100000}
  serializedVersion: 5
  m_Component:
  - component: {fileID: 4354606619720624}
  - component: {fileID: 212390153730341596}
  - component: {fileID: 60731284679425796}
  - component: {fileID: 114002058535286506}
  - component: {fileID: 114595569026536714}
  - component: {fileID: 114154077971846452}
  - component: {fileID: 114402990783133192}
  - component: {fileID: 50158080222042108}
  - component: {fileID: 58008905913295188}
  m_Layer: 9
  m_Name: EnemyShooter
  m_TagString: Enemy
  m_Icon: {fileID: 0}
  m_NavMeshLayer: 0
  m_StaticEditorFlags: 0
  m_IsActive: 1
--- !u!4 &4354606619720624
Transform:
  m_ObjectHideFlags: 1
  m_PrefabParentObject: {fileID: 0}
  m_PrefabInternal: {fileID: 100100000}
  m_GameObject: {fileID: 1924694237130256}
  m_LocalRotation: {x: -0, y: -0, z: -0, w: 1}
  m_LocalPosition: {x: -15.632862, y: 2.011317, z: 0}
  m_LocalScale: {x: 1, y: 1, z: 1}
  m_Children:
  - {fileID: 4684071693023612}
  m_Father: {fileID: 0}
  m_RootOrder: 0
  m_LocalEulerAnglesHint: {x: 0, y: 0, z: 0}
--- !u!4 &4684071693023612
Transform:
  m_ObjectHideFlags: 1
  m_PrefabParentObject: {fileID: 0}
  m_PrefabInternal: {fileID: 100100000}
  m_GameObject: {fileID: 1575276850331006}
  m_LocalRotation: {x: -0, y: -0, z: -0, w: 1}
  m_LocalPosition: {x: 0, y: 0, z: 0}
  m_LocalScale: {x: 1, y: 1, z: 1}
  m_Children: []
  m_Father: {fileID: 4354606619720624}
  m_RootOrder: 0
  m_LocalEulerAnglesHint: {x: 0, y: 0, z: 0}
--- !u!50 &50158080222042108
Rigidbody2D:
  serializedVersion: 4
  m_ObjectHideFlags: 1
  m_PrefabParentObject: {fileID: 0}
  m_PrefabInternal: {fileID: 100100000}
  m_GameObject: {fileID: 1924694237130256}
  m_BodyType: 0
  m_Simulated: 1
  m_UseFullKinematicContacts: 0
  m_UseAutoMass: 0
  m_Mass: 1
  m_LinearDrag: 0
  m_AngularDrag: 0.05
  m_GravityScale: 0
  m_Material: {fileID: 0}
  m_Interpolate: 0
  m_SleepingMode: 1
  m_CollisionDetection: 1
  m_Constraints: 7
--- !u!58 &58008905913295188
CircleCollider2D:
  m_ObjectHideFlags: 1
  m_PrefabParentObject: {fileID: 0}
  m_PrefabInternal: {fileID: 100100000}
  m_GameObject: {fileID: 1924694237130256}
  m_Enabled: 1
  m_Density: 1
  m_Material: {fileID: 0}
  m_IsTrigger: 0
  m_UsedByEffector: 0
  m_UsedByComposite: 0
  m_Offset: {x: 0.025879234, y: 0.00862664}
  serializedVersion: 2
  m_Radius: 0.38120428
--- !u!58 &58151266994337258
CircleCollider2D:
  m_ObjectHideFlags: 1
  m_PrefabParentObject: {fileID: 0}
  m_PrefabInternal: {fileID: 100100000}
  m_GameObject: {fileID: 1575276850331006}
  m_Enabled: 1
  m_Density: 1
  m_Material: {fileID: 0}
  m_IsTrigger: 1
  m_UsedByEffector: 0
  m_UsedByComposite: 0
  m_Offset: {x: 0.002820015, y: -0.0028195381}
  serializedVersion: 2
  m_Radius: 0.40977
--- !u!60 &60731284679425796
PolygonCollider2D:
  m_ObjectHideFlags: 1
  m_PrefabParentObject: {fileID: 0}
  m_PrefabInternal: {fileID: 100100000}
  m_GameObject: {fileID: 1924694237130256}
  m_Enabled: 1
  m_Density: 1
  m_Material: {fileID: 0}
  m_IsTrigger: 1
  m_UsedByEffector: 0
  m_UsedByComposite: 0
  m_Offset: {x: 0, y: 0}
  m_SpriteTilingProperty:
    border: {x: 0, y: 0, z: 0, w: 0}
    pivot: {x: 0.5, y: 0.5}
    oldSize: {x: 1.28, y: 1.28}
    newSize: {x: 1.28, y: 1.28}
    adaptiveTilingThreshold: 0.5
    drawMode: 0
    adaptiveTiling: 0
  m_AutoTiling: 0
  m_Points:
    m_Paths:
    - - {x: 0.52180386, y: 0.14436054}
      - {x: 0.5, y: 0.22}
      - {x: 0.44, y: 0.22}
      - {x: 0.48999998, y: 0.22}
      - {x: 0.47488594, y: 0.21308184}
      - {x: 0.46924686, y: 0.2274425}
      - {x: 0.4561634, y: 0.26744246}
      - {x: 0.37180233, y: 0.29744267}
      - {x: 0.25, y: 0.3936062}
      - {x: 0.10436058, y: 0.44488525}
      - {x: 0.08, y: 0.45999998}
      - {x: 0.08, y: 0.42999998}
      - {x: 0.089999996, y: 0.42}
      - {x: 0.089999996, y: 0.39999998}
      - {x: 0.08, y: 0.44}
      - {x: 0.020000458, y: 0.46616364}
      - {x: -0.0043611526, y: 0.474885}
      - {x: -0.0143613815, y: 0.47924566}
      - {x: -0.27052498, y: 0.47360635}
      - {x: -0.35616207, y: 0.4466884}
      - {x: -0.4379673, y: 0.290524}
      - {x: -0.50180435, y: 0.17436075}
      - {x: -0.50180435, y: 0.00999999}
      - {x: -0.48744202, y: -0.07000005}
      - {x: -0.17872047, y: -0.40180314}
      - {x: 0.00564003, y: -0.44308197}
      - {x: 0.23308182, y: -0.4261638}
      - {x: 0.4792452, y: -0.20180345}
      - {x: 0.520525, y: -0.13}
      - {x: 0.5543604, y: 0.07999992}
    - - {x: -0.049999997, y: 0.48999998}
      - {x: -0.03, y: 0.45999998}
      - {x: 0.04, y: 0.39}
      - {x: 0.049999997, y: 0.41}
    - - {x: -0.07, y: 0.45}
      - {x: -0.07, y: 0.44}
      - {x: -0.04, y: 0.41}
      - {x: -0.03, y: 0.41}
      - {x: -0.03, y: 0.42}
--- !u!114 &114002058535286506
MonoBehaviour:
  m_ObjectHideFlags: 1
  m_PrefabParentObject: {fileID: 0}
  m_PrefabInternal: {fileID: 100100000}
  m_GameObject: {fileID: 1924694237130256}
  m_Enabled: 1
  m_EditorHideFlags: 0
  m_Script: {fileID: 11500000, guid: 8d61aa0f0d6269945aaf01544ad006e4, type: 3}
  m_Name: 
  m_EditorClassIdentifier: 
  MaxHP: 10
--- !u!114 &114154077971846452
MonoBehaviour:
  m_ObjectHideFlags: 1
  m_PrefabParentObject: {fileID: 0}
  m_PrefabInternal: {fileID: 100100000}
  m_GameObject: {fileID: 1924694237130256}
  m_Enabled: 1
  m_EditorHideFlags: 0
  m_Script: {fileID: 11500000, guid: fd2b94d57a481854ea946cec1f836ef9, type: 3}
  m_Name: 
  m_EditorClassIdentifier: 
  Speed: 3
--- !u!114 &114402990783133192
MonoBehaviour:
  m_ObjectHideFlags: 1
  m_PrefabParentObject: {fileID: 0}
  m_PrefabInternal: {fileID: 100100000}
  m_GameObject: {fileID: 1924694237130256}
  m_Enabled: 1
  m_EditorHideFlags: 0
  m_Script: {fileID: 11500000, guid: 0aa8f8a707eeacc41bf2bb09c8adddb9, type: 3}
  m_Name: 
  m_EditorClassIdentifier: 
  ShootCooldown: 2
  ProjectileSpeed: 5
  Damage: 5
  ShootSounds:
  - {fileID: 8300000, guid: 7568c7cf30381e34990c1b3bd7d7814b, type: 3}
  - {fileID: 8300000, guid: b1c37a151ac60d84bba583a6a9ea7fb9, type: 3}
  - {fileID: 8300000, guid: fd83eba304984444ca66843580f09fe6, type: 3}
--- !u!114 &114595569026536714
MonoBehaviour:
  m_ObjectHideFlags: 1
  m_PrefabParentObject: {fileID: 0}
  m_PrefabInternal: {fileID: 100100000}
  m_GameObject: {fileID: 1924694237130256}
  m_Enabled: 1
  m_EditorHideFlags: 0
  m_Script: {fileID: 11500000, guid: 32aa2994f32527d428fe269f7f2c26c2, type: 3}
  m_Name: 
  m_EditorClassIdentifier: 
  Type: 1
  HitSounds:
  - {fileID: 8300000, guid: 09afe68d827bca64798f442d8597e9b1, type: 3}
  - {fileID: 8300000, guid: a9f9b75a78af09545b7dd3dc3c8571b1, type: 3}
  - {fileID: 8300000, guid: fc06ab1a69bce3b46823a34e3ff9eea3, type: 3}
--- !u!114 &114941975199774204
MonoBehaviour:
  m_ObjectHideFlags: 1
  m_PrefabParentObject: {fileID: 0}
  m_PrefabInternal: {fileID: 100100000}
  m_GameObject: {fileID: 1575276850331006}
  m_Enabled: 1
  m_EditorHideFlags: 0
  m_Script: {fileID: 11500000, guid: 761603de0bc0513448516bffcf0625a1, type: 3}
  m_Name: 
  m_EditorClassIdentifier: 
--- !u!212 &212390153730341596
SpriteRenderer:
  m_ObjectHideFlags: 1
  m_PrefabParentObject: {fileID: 0}
  m_PrefabInternal: {fileID: 100100000}
  m_GameObject: {fileID: 1924694237130256}
  m_Enabled: 1
  m_CastShadows: 0
  m_ReceiveShadows: 0
  m_DynamicOccludee: 1
  m_MotionVectors: 1
  m_LightProbeUsage: 1
  m_ReflectionProbeUsage: 1
  m_Materials:
  - {fileID: 10754, guid: 0000000000000000f000000000000000, type: 0}
  m_StaticBatchInfo:
    firstSubMesh: 0
    subMeshCount: 0
  m_StaticBatchRoot: {fileID: 0}
  m_ProbeAnchor: {fileID: 0}
  m_LightProbeVolumeOverride: {fileID: 0}
  m_ScaleInLightmap: 1
  m_PreserveUVs: 0
  m_IgnoreNormalsForChartDetection: 0
  m_ImportantGI: 0
  m_StitchLightmapSeams: 0
  m_SelectedEditorRenderState: 0
  m_MinimumChartSize: 4
  m_AutoUVMaxDistance: 0.5
  m_AutoUVMaxAngle: 89
  m_LightmapParameters: {fileID: 0}
  m_SortingLayerID: 0
  m_SortingLayer: 0
  m_SortingOrder: 0
  m_Sprite: {fileID: 21300000, guid: d0dab11b4ed556d4c938d5a334686094, type: 3}
  m_Color: {r: 1, g: 1, b: 1, a: 1}
  m_FlipX: 0
  m_FlipY: 0
  m_DrawMode: 0
  m_Size: {x: 1.28, y: 1.28}
  m_AdaptiveModeThreshold: 0.5
  m_SpriteTileMode: 0
  m_WasSpriteAssigned: 1
  m_MaskInteraction: 0
